@book{referenciatorres1,
	author = {Roger S. Pressman, Ph.D.},
	title = {Ingeniería del software, Un enfoque práctico},
	year = {2010},
	adress = {México, D.F},
	edition = {Séptima edición},
	publisher = {McGRAW-HILL INTERAMERICANA EDITORES, S.A. DE C.V},
	note = {Accedido 18-05-2020}
}

@article{referenciatorres2,
	author = {Elizabeth López Vásquez},
	title = {Análisis de la usabilidad del sistema de trámite documentario - sistram respecto a la satisfacción del usuario basado en la norma  ISO/IEC 25000 de la dirección regional sectorial de la educación},
	year = {2015},
	howpublished = {Recuperado de  https://n9.cl/pxh1b},
	note = {Accedido 18-05-2020}
}

@article{referenciatorres3,
	title = {NormasISO},
	howpublished = {Recuperado de  https://cutt.ly/TyYT9yb},
	note = {Accedido 18-05-2020}
}

@article{referenciajp1,
	author = {Jaime Eduardo Marulanda López},
	title = {Aseguramiento de la calidad en el diseño del software},
	year = {2014},
	howpublished = {Recuperado de  https://n9.cl/64wf},
	note = {Accedido 18-05-2020}
}


@article{referenciajp2,
	author = {EDÚ JAMES BALDEÓN VILLANES},
	title = {MÉTODO PARA LA EVALUACIÓN DE CALIDAD DE SOFTWARE BASADO EN ISO/IEC 25000},
	year = {2015},
	howpublished = {Recuperado de  https://n9.cl/n4aa},
	note = {Accedido 18-05-2020}
}


@article{referenciajp3,
	author = {Francisco Raúl Calderón Macías},
	title = {El Estándar ISO y su Aportación al Proceso de Calidad del Desarrollo de Software},
	year = {2016},
	howpublished = {Recuperado de  https://n9.cl/dipn},
	note = {Accedido 18-05-2020}
}

@article{referenciajp4,
	author = {Tello, Pablo Gabriel},
	title = {Evaluación de Calidad de un Producto de Software},
	year = {2016},
	howpublished = {Recuperado de  https://n9.cl/3mbe},
	note = {Accedido 18-05-2020}
}
